@book{9780387733937,
    title = {An Introduction to Bayesian Scientific Computing},
    author = {Daniela Calvetti and E. Somersalo},
    day = {26},
    pagecount = {202},
    isbn = {9780387733937}
}


@ONLINE{jobovy/stellarkinematics,
    description = {Some notes on coordinate transformations in stellar kinematics - jobovy/stellarkinematics},
    title = {GitHub - jobovy/stellarkinematics: Some notes on coordinate transformations in stellar kinematics},
    url = {https://github.com/jobovy/stellarkinematics},
    author = {Jo Bovy},
}


@ONLINE{KalmanFiltersinPythonby,
    title = {Kalman and Bayesian Filters in Python},
    author = {Roger Labbe},
    url = {http://rlabbe.github.io/Kalman-and-Bayesian-Filters-in-Python/}
}


@article{doi:10.2514/3.3166,
author = {Rauch, H. E. And Tung, F. And Striebel, C. T.},
title = {Maximum likelihood estimates of linear dynamic systems},
journal = {AIAA Journal},
volume = {3},
number = {8},
pages = {1445-1450},
year = {1965},
doi = {10.2514/3.3166},
}